<?xml version="1.0" encoding="UTF-8"?><collection xmlns="http://www.loc.gov/MARC21/slim"><record><leader>00350nam--2200109-i-4500</leader><controlfield tag="001">000031058</controlfield><controlfield tag="002">20161230</controlfield><controlfield tag="005">20161230201038</controlfield><controlfield tag="008">060222s1000------------r-----000-0-eng-d</controlfield><datafield ind1=" " ind2=" " tag="245"><subfield code="a">Manual of analytical methods for the determination of uranium and thorium in their ores</subfield></datafield><datafield ind1=" " ind2=" " tag="260"><subfield code="a">Washington, U.S.Atomic Energy Commission, 1955, Viii + 51p</subfield></datafield><datafield ind1=" " ind2=" " tag="852"><subfield code="a">10780</subfield></datafield></record></collection>